% bibtex references

@MISC{Meert06clustermaps,
    author = {Wannes Meert and Remko Tron\c{c}on and Gerda Janssens},
    title = {CLUSTERING MAPS},
    year = {2006}
}

@article{Jain99clusterreview,
 author = {Jain, A. K. and Murty, M. N. and Flynn, P. J.},
 title = {Data clustering: a review},
 journal = {ACM Comput. Surv.},
 issue_date = {Sept. 1999},
 volume = {31},
 number = {3},
 month = sep,
 year = {1999},
 issn = {0360-0300},
 pages = {264--323},
 numpages = {60},
 url = {http://doi.acm.org/10.1145/331499.331504},
 doi = {10.1145/331499.331504},
 acmid = {331504},
 publisher = {ACM},
 address = {New York, NY, USA},
 keywords = {cluster analysis, clustering applications, exploratory data analysis, incremental clustering, similarity indices, unsupervised learning},
} 